% Inhalt für Ihre Datei: literatur.bib

@online{ihk-whistleblowing,
  author      = {{IHK Region Stuttgart}},
  title       = {Whistleblowing: Was Unternehmen beachten müssen},
  url         = {https://www.ihk.de/stuttgart/fuer-unternehmen/recht-und-steuern/arbeitsrecht/whistleblowing-5169770},
  urldate     = {2025-06-16},
  year        = {2023},
}

@book{bertschinger2023,
  author    = {Bertschinger, Claude Eric},
  title     = {Whistleblowing},
  subtitle  = {Zur Strafbarkeit und Legitimation der Preisgabe geschützter Informationen},
  series    = {Studien zum Strafrecht},
  volume    = {117},
  year      = {2023},
  publisher = {Dike Verlag},
  address   = {Zürich / St. Gallen},
}

@book{renz2022,
  author    = {Renz, Patrick S. and Schneeweiss, Christof},
  title     = {Integrität im Managementalltag},
  subtitle  = {Ethische Dilemmata im Managementalltag erfassen und lösen},
  year      = {2022},
  publisher = {NZZ Libro},
  address   = {Basel},
}

@online{lehnart2023,
  author  = {Lehnart, Thomas},
  title   = {Whistleblowing im Arbeitsrecht [Teil 1]},
  year    = {2023},
  month   = {7},
  url     = {https://www.lhr-law.de/magazin/arbeitsrecht/whistleblowing-im-arbeitsrecht-teil-1/},
  urldate = {2025-06-16},
}

@book{veit2021,
  author    = {Veit, Vivien},
  title     = {Compliance-Kultur und Unternehmensethik},
  year      = {2021},
  publisher = {GRIN Verlag},
  address   = {München},
}

@book{robinson2024,
  author    = {Robinson, Richard M.},
  title     = {Business Ethics: Kant, Virtue, and the Nexus of Duty},
  year      = {2024},
  publisher = {Routledge},
  address   = {New York},
}

@online{gabler_verantwortung,
  editor      = {{Springer Gabler}},
  title       = {Definition: Verantwortung},
  year        = {2018},
  url         = {https://wirtschaftslexikon.gabler.de/definition/verantwortung-50418},
  urldate     = {2025-06-16},
}

@online{imzuwi-verantwortung,
  organization = {Institut für Management zur und für die Zivilgesellschaft},
  title        = {Verantwortung},
  subtitle     = {V.1.1},
  url          = {https://imzuwi.org/skripten/theorie_335215/V_1.pdf},
  urldate      = {2025-06-16},
}

@thesis{wagner2017,
  author    = {Wagner, Julia Sophie},
  title     = {Whistleblowing - Der schmale Grat zwischen Loyalität und Verrat},
  type      = {Masterarbeit},
  institution = {Karl-Franzens-Universität Graz},
  year      = {2017},
  url       = {https://unipub.uni-graz.at/obvugrhs/download/pdf/2133790},
  urldate   = {2025-06-16},
}

@online{awork_integritaet,
  organization = {awork},
  title        = {Integrität},
  url          = {https://www.awork.com/de/glossary/integritaet},
  urldate      = {2025-06-16},
}

@online{shiftbase_whistleblower,
  organization = {Shiftbase},
  title        = {Whistleblower},
  url          = {https://www.shiftbase.com/de/lexikon/whistleblower},
  urldate      = {2025-06-16},
}

@online{bdp2005,
  author      = {{Föderation Deutscher Psychologenvereinigungen}},
  title       = {Berufsethische Richtlinien des Berufsverbandes Deutscher Psychologinnen und Psychologen e.V. und der Deutschen Gesellschaft für Psychologie e.V.},
  year        = {2005},
  url         = {https://www.bdp-verband.de/fileadmin/user_upload/BDP/website/dokumente/PDF/Profession/Berufsethik/efpa_metacode_de.pdf},
  urldate     = {2025-06-16},
}